@inproceedings{Zhu2017CycleGAN,
  title={Unpaired Image-to-Image Translation using Cycle-Consistent Adversarial Networks},
  author={Zhu, Jun-Yan and Park, Taesung and Isola, Phillip and Efros, Alexei A},
  booktitle={Proceedings of the IEEE International Conference on Computer Vision (ICCV)},
  year={2017},
  pages={2223--2232}
}

@inproceedings{Isola2017Pix2Pix,
  title={Image-to-Image Translation with Conditional Adversarial Networks},
  author={Isola, Phillip and Zhu, Jun-Yan and Zhou, Tinghui and Efros, Alexei A},
  booktitle={Proceedings of the IEEE Conference on Computer Vision and Pattern Recognition (CVPR)},
  year={2017},
  pages={5967--5976}
}

@article{Wang2004SSIM,
  title={Image quality assessment: From error visibility to structural similarity},
  author={Wang, Zhou and Bovik, Alan C and Sheikh, Hamid R and Simoncelli, Eero P},
  journal={IEEE Transactions on Image Processing},
  volume={13},
  number={4},
  pages={600--612},
  year={2004}
}

@inproceedings{Heusel2017FID,
  title={GANs Trained by a Two Time-Scale Update Rule Converge to a Local Nash Equilibrium},
  author={Heusel, Martin and Ramsauer, Hubert and Unterthiner, Thomas and Nessler, Bernhard and Hochreiter, Sepp},
  booktitle={Advances in Neural Information Processing Systems (NeurIPS)},
  year={2017},
  pages={6626--6637}
}

@inproceedings{Zhang2018LPIPS,
  title={The Unreasonable Effectiveness of Deep Features as a Perceptual Metric},
  author={Zhang, Richard and Isola, Phillip and Efros, Alexei A and Shechtman, Eli and Wang, Oliver},
  booktitle={Proceedings of the IEEE Conference on Computer Vision and Pattern Recognition (CVPR)},
  year={2018},
  pages={586--595}
}